@article{small,
	author       = {Freely, I.P.},
	title        = {A small paper},
	journal      = {The journal of small papers},
	year         = 1997,
	volume       = {-1},
	note         = {to appear},
}
@article{big,
	author 		 = {Jass, Hugh},
	title 		 = {A big paper},
	journal 	 = {The journal of big papers},
	year 		 = 1991,
	volume 		 = {MCMXCVII},
}
@book{Creswell2014,
	address 	 = {Croydon},
	author 		 = {Creswell, John W.},
	edition 	 = {4th},
	isbn 		 = {978-1-4522},
	publisher 	 = {SAGE Publications, Inc.},
	title 		 = {{Research Design}},
	year 		 = {2014}
}
@book{sven01,
	address 	 = {Växjö},
	author 		 = {Svensson, John och Öberg, Karl},
	edition 	 = {6nd},
	isbn 		 = {728-1-8652},
	publisher 	 = {Prentice Hall},
	title 		 = {{Blomster, vad du behöver veta}},
	year 		 = {2008}
}
@book{sven07,
	address 	 = {Kalmar},
	author 		 = {Svensson, John och Öberg, Karl},
	edition 	 = {3rd},
	isbn 		 = {778-2-4552},
	publisher 	 = {Studentlitteratur},
	title 		 = {{Blomster och sånt}},
	year 		 = {2012}
}
@online{sven02,
	author 		 = {Svensson, John},
	organization = {Svenssons Blommor},
	title 		 = {Blommor by Svensson},
	year 		 = 2002,
	month 		 = 11,
	url 		 = {http://svensson.com/blommor.htm},
	urldate 	 = {2010-09-30}
}
@online{etik,
	author 		 = {},
	organization = {BTH o LNU o Landstingen i Blekinge o Kalmar},
	title 		 = {Etikkommitteen Sydost},
	year 		 = {},
	month 		 = {},
	url 		 = {http://www.bth.se/eksydost},
	urldate 	 = {2013-11-13}
}
@book{backman98,
	address 	 = {Lund},
	author 		 = {Backman, Jarl},
	edition 	 = {},
	isbn 		 = {},
	publisher 	 = {Studentlitteratur AB},
	title 		 = {Rapporter och uppsatser},
	year 		 = {1998}
}
@book{beer92,
	address 	 = {New York},
	author 		 = {Beer, David F.},
	edition 	 = {Ed.},
	isbn 		 = {},
	publisher 	 = {IEEE Press.},
	title 		 = {Writing and Speaking in the Technology Professions: A Practical Guide},
	year 		 = {1992}
}
@book{higham93,
	address 	 = {Philadelphia},
	author 		 = {Higham, Nicholas J.},
	edition 	 = {},
	isbn 	 	 = {},
	publisher 	 = {Siam},
	title 		 = {Handbook of Writing for the Mathematical Sciences},
	year 		 = {1993}
}
@online{harvard06,
	author 		 = {Biblioteket vid HB},
	organization = {HB (Högskolan i Borås)},
	title 		 = {Harvardssystemets utnyttjande enligt Högskolan i Borås},
	year 		 = {2006},
	month 		 = {},
	url 		 = {http://www.hb.se/Biblioteket/Skriva-och-referera/Guide-till-harvardsystemet/Harvardsystemet/},
	urldate 	 = {131120}
}
@book{bjorkRaisanen03,
	address 	 = {Lund},
	author 		 = {Bj\"{o}rk, Lennart och R\"{a}is\"{a}nen, Christine },
	edition 	 = {},
	isbn 		 = {},
	publisher 	 = {Studentlitteratur AB},
	title 		 = {Academic Writing},
	year 		 = {2003}
}
@article{grabiner83,
	author 		 = {Grabiner, Judith V.},
	title 		 = {Who gave you the epsilon? Cauchy and the origins of rigorous calculus.},
	journal 	 = {Amer. Math. Monthly 90},
	year 		 = 1983,
	volume 		 = {3, 185-194},
	note 		 = {},
}
@book{halmos74,
	address 	 = {New York},
	author 		 = {Halmos, P. R.},
	edition 	 = {},
	isbn 		 = {},
	publisher 	 = {Springer-Verlag},
	title 		 = {Finite-Dimensional Vector Spaces.},
	year 		 = {1974}
}
